@article{Basak:2005aq,
    author = "Basak, S. and Edwards, R. G. and Fleming, G. T. and Heller, U. M. and Morningstar, C. and Richards, D. and Sato, I. and Wallace, S.",
    title = "{Group-theoretical construction of extended baryon operators in lattice QCD}",
    eprint = "hep-lat/0506029",
    archivePrefix = "arXiv",
    reportNumber = "JLAB-THY-05-376",
    doi = "10.1103/PhysRevD.72.094506",
    journal = "Phys. Rev. D",
    volume = "72",
    pages = "094506",
    year = "2005"
}
@article{Basak:2005ir,
    author = "Basak, Subhasish and Edwards, Robert and Fleming, George T. and Heller, Urs M. and Morningstar, Colin and Richards, David and Sato, Ikuro and Wallace, Stephen J.",
    collaboration = "Lattice Hadron Physics (LHPC)",
    title = "{Clebsch-Gordan construction of lattice interpolating fields for excited baryons}",
    eprint = "hep-lat/0508018",
    archivePrefix = "arXiv",
    reportNumber = "DOE-ER-40762-349, JLAB-THY-05-397",
    doi = "10.1103/PhysRevD.72.074501",
    journal = "Phys. Rev. D",
    volume = "72",
    pages = "074501",
    year = "2005"
}
